<?xml version="1.0" encoding="UTF-8"?><collection xmlns="http://www.loc.gov/MARC21/slim"><record><leader>00604nam--2200205-i-4500</leader><controlfield tag="001">000017846</controlfield><controlfield tag="002">20161230</controlfield><controlfield tag="005">20170209163340</controlfield><controlfield tag="008">060222s1000------------r-----000-0-fre-d</controlfield><datafield ind1=" " ind2=" " tag="040"><subfield code="a">IFIN-HH</subfield></datafield><datafield ind1=" " ind2=" " tag="041"><subfield code="a">fre</subfield></datafield><datafield ind1=" " ind2=" " tag="080"><subfield code="a">539.219.3</subfield></datafield><datafield ind1="1" ind2=" " tag="100"><subfield code="a">Adda, Yves</subfield></datafield><datafield ind1="1" ind2="0" tag="245"><subfield code="a">La diffusion dans les solides</subfield><subfield code="b">Tome I</subfield><subfield code="c">Y. Adda, J. Philibert</subfield></datafield><datafield ind1=" " ind2=" " tag="260"><subfield code="a">Saclay</subfield><subfield code="b">Institut National Des Sciences Et Techniques Nucleaires</subfield><subfield code="c">1966</subfield></datafield><datafield ind1=" " ind2=" " tag="300"><subfield code="a">665 p.+ Index</subfield></datafield><datafield ind1=" " ind2=" " tag="490"><subfield code="a">Biblioteque Des Sciences Et Techniques Nucleaires</subfield></datafield><datafield ind1="1" ind2=" " tag="700"><subfield code="a">Philibert, Jean</subfield></datafield><datafield ind1=" " ind2=" " tag="852"><subfield code="a">25762</subfield><subfield code="c">539.2</subfield></datafield><datafield ind1=" " ind2=" " tag="CAT"><subfield code="a">SYS</subfield><subfield code="c">20170209</subfield><subfield code="h">163340</subfield></datafield></record></collection>